@article{art1,
author = {Suganthan, P.N.},
title = "Particle swarm optimiser with neighbourhood operator",
journal = "Proceedings of the IEEE on Evolutionary Computation",
year = {1999},
pages = {1958-1962}
}

@article{art2,
author = {K. Veeramachaneni and T. Peram and C.Mohan and L. A. Osadciw},
title = "Optimization using particle swarms with near neighbor interactions",
journal = "Proc. Genetic and Evolutionary Computation",
volumn = {2723},
year = {2003},
page = {110-121}
}